<record><leader>00000cas a22000007a 4500</leader><controlfield tag="001">8322727</controlfield><controlfield tag="008">820408d19081990moudn ne      0    0eng d</controlfield><datafield ind1=" " ind2=" " tag="010"><subfield code="a">sn 83045326 </subfield></datafield><datafield ind1=" " ind2=" " tag="040"><subfield code="a">JPL</subfield><subfield code="b">eng</subfield><subfield code="c">JPL</subfield><subfield code="d">NPW</subfield><subfield code="d">NPX</subfield><subfield code="d">NPU</subfield><subfield code="d">NPT</subfield><subfield code="d">NPX</subfield><subfield code="d">NJW</subfield><subfield code="d">MQN</subfield><subfield code="d">KNP</subfield><subfield code="d">MQN</subfield><subfield code="d">CRL</subfield><subfield code="d">CNK</subfield><subfield code="d">NVF</subfield><subfield code="d">OCLCQ</subfield><subfield code="d">KRTAS</subfield><subfield code="d">DLC</subfield><subfield code="d">CRL</subfield><subfield code="d">OCLCF</subfield></datafield><datafield ind1="1" ind2=" " tag="029"><subfield code="a">AU@</subfield><subfield code="b">000025812178</subfield></datafield><datafield ind1=" " ind2=" " tag="042"><subfield code="a">msc</subfield></datafield><datafield ind1=" " ind2=" " tag="043"><subfield code="a">n-us-mo</subfield></datafield><datafield ind1="0" ind2="0" tag="050"><subfield code="a">Newspaper</subfield></datafield><datafield ind1=" " ind2="4" tag="082"><subfield code="a">050</subfield></datafield><datafield ind1="0" ind2=" " tag="130"><subfield code="a">Kansas City times (Kansas City, Mo. : 1908)</subfield></datafield><datafield ind1="1" ind2="4" tag="245"><subfield code="a">The Kansas City times.</subfield></datafield><datafield ind1="1" ind2=" " tag="246"><subfield code="i">At head of title:</subfield><subfield code="a">Morning Kansas City star</subfield><subfield code="f">May 2, 1908-Feb. 25, 1977</subfield></datafield><datafield ind1=" " ind2=" " tag="260"><subfield code="a">Kansas City, Mo. :</subfield><subfield code="b">W.R. Nelson,</subfield><subfield code="c">1908-1990.</subfield></datafield><datafield ind1=" " ind2=" " tag="300"><subfield code="a">v.</subfield></datafield><datafield ind1=" " ind2=" " tag="310"><subfield code="a">Daily (except Sunday)</subfield></datafield><datafield ind1="0" ind2=" " tag="362"><subfield code="a">Vol. 71, no. 106 (May 2, 1908)-v. 122, no. 149 (Feb. 28, 1990).</subfield></datafield><datafield ind1=" " ind2="0" tag="651"><subfield code="a">Kansas City (Mo.)</subfield><subfield code="v">Newspapers.</subfield></datafield><datafield ind1=" " ind2="7" tag="655"><subfield code="a">Newspapers.</subfield><subfield code="2">fast</subfield><subfield code="0">(OCoLC)fst01423814</subfield></datafield><datafield ind1=" " ind2="7" tag="651"><subfield code="a">Missouri</subfield><subfield code="z">Kansas City.</subfield><subfield code="2">fast</subfield><subfield code="0">(OCoLC)fst01204999</subfield></datafield><datafield ind1=" " ind2=" " tag="752"><subfield code="a">United States</subfield><subfield code="b">Missouri</subfield><subfield code="c">Jackson</subfield><subfield code="d">Kansas City.</subfield></datafield><datafield ind1="0" ind2=" " tag="775"><subfield code="t">Kansas City times (Kansas City, Mo. : Weekly)</subfield></datafield><datafield ind1="0" ind2=" " tag="775"><subfield code="t">Kansas City star (Kansas City, Mo. : 1885)</subfield><subfield code="w">(DLC)sn 82007150</subfield><subfield code="w">(OCoLC)3555868</subfield></datafield><datafield ind1="0" ind2="8" tag="776"><subfield code="i">Online version:</subfield><subfield code="t">Kansas City times (Online)</subfield><subfield code="w">(OCoLC)664151183</subfield></datafield><datafield ind1="0" ind2="0" tag="780"><subfield code="t">Kansas City star and the Kansas City times</subfield><subfield code="w">(DLC)sn 90061220</subfield><subfield code="w">(OCoLC)21203947</subfield></datafield><datafield ind1="0" ind2="4" tag="785"><subfield code="t">Kansas City star (Kansas City, Mo. : 1885)</subfield><subfield code="w">(DLC)sn 82007150</subfield><subfield code="w">(OCoLC)3555868</subfield></datafield><datafield ind1=" " ind2=" " tag="938"><subfield code="a">Kirtas Technologies, Inc.</subfield><subfield code="b">KRTS</subfield><subfield code="n">735914</subfield></datafield></record>